1878 2672
789 123 811 153 P
823 122 1095 153 uAEFA'rlo.
1641 123 1713 151 Xlll

175 253 336 289 exstant
374 245 561 303 exempla
599 243 720 300 (IL-1,
736 243 843 300 ab.)
880 246 922 285 in
961 243 1111 302 quibus
1149 244 1282 284 rimus
1320 242 1546 284 disiunctus
1577 245 1714 300 priino

177 335 344 385 quarto,
384 328 530 385 quinto
570 333 609 369 et
648 332 793 367 octavo
824 324 998 383 pedibus
1029 326 1274 367 continetur.
1338 322 1549 366 Dividitur
1578 332 1715 365 autern

176 423 320 451 versus
350 410 447 450 rimi
479 407 754 449 collocatione
783 408 826 448 iu
856 405 956 447 duas
986 422 1105 463 pares
1136 413 1273 463 partes
1304 412 1339 448 et
1366 405 1516 463 duplici
1545 405 1713 463 quidem

178 491 351 531 ratione„
414 488 538 530 Prior
568 503 697 546 eaque
727 488 920 529 usitatior
950 502 996 529 ea
1027 494 1087 529 est
1117 493 1161 527 ut
1191 489 1322 528 rimus
1348 489 1387 528 in
1412 487 1606 529 alterutra
1631 502 1715 527 ver<

175 585 245 612 sus
276 577 391 628 parte
420 569 667 616 absolvatur,
703 568 880 626 ideoque
909 567 973 610 vel
1003 569 1045 610 in
1077 567 1252 626 pedibus
1283 576 1478 626 quattuor
1508 567 1715 626 prioribus

176 650 238 693 vel
269 650 571 709 posterioribus
600 649 779 697 finiatur,
809 647 886 691 hac
915 666 1068 708 nempe
1098 648 1253 691 forma:

505 773 541 817 1)
593 774 633 819 a)
749 775 779 807 1.
835 735 1042 807 25⁸4.
1096 773 1128 807 5.
1184 772 1216 805 6.
1272 772 1303 807 7.
1360 775 1392 806 s.

780 822 918 857 N-ae‘
1220 829 1358 864 κ”““κ

601 866 639 913 b)
748 868 778 899 1.
834 868 865 900 2.
920 869 952 900 3.
1008 867 1040 900 4.
1095 866 1127 900 5.
1182 865 1216 900 ῡ.
1272 867 1302 900 7.
1359 868 1390 900 s.

1126 914 1262 950 v

176 979 245 1021 ubi
264 995 406 1021 versus
430 977 530 1019 duas
554 976 725 1036 quidem
748 975 874 1020 habet
897 984 1046 1035 partes2
1069 976 1142 1019 sed
1167 979 1368 1035 quoniam
1391 976 1550 1036 singula
1574 993 1715 1018 carum

176 1060 367 1102 membra
399 1075 484 1100 non
515 1059 593 1101 sibi
618 1058 872 1116 respondent
896 1065 1092 1107 accurate,
1123 1074 1289 1100 caesura
1315 1066 1408 1116 post
1433 1066 1626 1116 quai-tuni
1653 1075 1715 1116 pe-

175 1140 271 1183 dem
311 1143 444 1198 posita
483 1143 557 1183 etsi
597 1139 736 1198 pulcra
780 1146 841 1182 est
869 1139 1048 1198 ideoque
1078 1139 1327 1198 plerumque
1357 1138 1551 1187 adhibita,
1582 1155 1715 1181 neces-

176 1224 282 1263 saria
314 1229 455 1263 tamen
486 1225 730 1279 neutiquam
761 1228 899 1278 potest
927 1220 1084 1264 haberi.

298 1302 435 1343 Altera
468 1305 640 1350 ratione,
677 1317 722 1344 ea
762 1304 859 1344 rimi
897 1310 958 1345 est
995 1302 1214 1345 collocatio
1245 1311 1287 1345 ut
1319 1303 1401 1345 (luo
1433 1305 1594 1361 priores
1626 1319 1716 1343 ana-

177 1385 304 1440 paesti
337 1386 377 1424 iu
410 1386 547 1441 priore
579 1399 719 1426 versus
744 1391 869 1441 parte,
899 1383 981 1425 duo
1006 1386 1261 1441 posteriores
1285 1387 1327 1426 in
1350 1385 1476 1427 altera
1501 1392 1717 1441 ponantur,

177 1467 230 1506 ita
269 1472 406 1506 tamen
440 1472 481 1506 ut
512 1472 698 1506 accurate
728 1464 804 1506 sibi
839 1465 1115 1523 respondeant
1149 1466 1310 1524 singula
1342 1469 1556 1524 utriusque
1587 1481 1716 1506 inern-

175 1547 258 1587 bra.
326 1544 503 1587 (jaesum
536 1548 660 1605 igitur
689 1562 773 1586 nou
805 1562 927 1604 posse
959 1547 1110 1605 negligi
1141 1563 1214 1588 sua
1245 1555 1394 1605 sponte
1427 1547 1592 1605 patebit.
1653 1546 1716 1587 Ek

176 1628 287 1667 enini
318 1630 351 1668 si
384 1629 422 1668 in
457 1629 585 1684 priori
616 1634 732 1685 parte
763 1629 894 1668 rimus
926 1630 966 1668 in
999 1627 1160 1669 duobus
1192 1629 1401 1685 prioribus
1427 1629 1599 1686 pedibus
1625 1644 1716 1668 coir

176 1710 329 1749 tinetur
368 1709 408 1748 in
447 1708 571 1749 altera
602 1715 717 1766 parte
749 1710 981 1750 necessario
1012 1711 1112 1752 item
1147 1711 1187 1750 in
1222 1710 1448 1766 prioribus,
1487 1711 1556 1766 qui
1587 1710 1717 1750 totins

176 1805 317 1830 xersus
348 1790 517 1846 quintus
549 1796 586 1831 et
616 1796 754 1832 sextus
784 1797 890 1837 sunt,
922 1792 998 1832 erit
1029 1790 1267 1847 ponendus3
1303 1793 1337 1832 si
1369 1793 1411 1832 in
1443 1792 1572 1847 priori
1604 1798 1717 1848 parte

175 1869 357 1911 secundo
389 1877 424 1912 et
458 1873 580 1912 tertio
612 1871 786 1928 pedibus
817 1871 1053 1917 absolvitur„
1091 1873 1131 1912 in
1164 1871 1289 1914 altera
1321 1879 1436 1914 sexto
1469 1879 1505 1914 et
1537 1873 1717 1929 septimo

1324 1952 1519 2013 gnificare
1551 1953 1659 1995 licet:

1094 2047 1127 2080 5.
1190 2045 1223 2079 6.
1289 2046 1319 2081 7.
1385 2049 1416 2080 S.

1098 2114 1135 2148 1'.
1191 2114 1231 2148 2'.
1286 2114 1328 2149 3'.
1384 2115 1424 2149 4'.

176 1949 343 1991 finiatur
374 1967 538 1993 necesse
570 1959 649 2005 est;
679 1951 722 1994 id
753 1952 865 2010 quod
897 1950 978 1994 hoc
1007 1951 1093 1995 fere
1124 1953 1254 1995 modo
1286 1956 1318 1995 si

472 2046 510 2090 2)
673 2047 702 2078 1.
758 2046 790 2079 2.
845 2048 877 2079 3.
934 2047 966 2079 ,4.

675 2117 704 2148 1.
760 2116 792 2148 2.
847 2117 879 2148 3.
936 2116 967 2148 4.

175 2190 327 2244 Quare,
359 2199 403 2232 ut
433 2192 625 2250 exemplo
657 2200 834 2241 utamur,
865 2209 951 2235 non
984 2200 1121 2252 potest
1153 2196 1355 2236 contineri
1380 2197 1512 2235 rimus
1535 2193 1715 2235 serundo

177 2274 297 2314 tertio
331 2280 479 2330 quarto
511 2280 549 2315 et
581 2275 725 2331 quinto
754 2274 937 2331 pedibus:
968 2274 1176 2317 deleretur
1201 2277 1311 2317 enim
1338 2277 1478 2315 omnis
1503 2276 1715 2330 utriusque
