1878 2672
770 156 1074 186 PRAEFATIO.
1622 157 1686 185 XX!

159 287 341 338 primum
368 280 498 322 facere
521 280 845 325 interlinearem,
868 293 993 335 quam
1015 277 1424 324 dicnntaersionem,
1448 292 1576 332 quum
1593 293 1688 318 vers»

158 379 254 404 mox
274 363 615 419 perspexerimus,
633 362 716 399 iam
731 367 901 415 propter
914 358 1088 400 liberam
1103 357 1328 399 verborum
1343 360 1587 403 iuncturam,
1610 361 1688 398 uisi

161 443 330 483 alteram
368 441 606 482 liberiorem
641 438 942 484 addiderimus,
983 437 1090 479 hanc
1125 441 1258 494 ipsam
1293 453 1420 495 parvo
1456 436 1545 479 fore
1580 437 1688 478 adiu-

160 531 315 568 monto,
339 520 559 563 consilium
584 537 632 561 eo
657 521 920 566 mutavimus,
944 526 998 566 ut,
1021 526 1223 576 quantum
1246 517 1334 560 fieri
1361 527 1510 576 posset,
1533 526 1689 560 textum

160 619 352 660 appresse
374 616 656 658 sequeremur.
707 598 904 642 Attamen
928 601 1128 657 quoniam
1152 598 1280 640 modo
1304 602 1584 657 perspicuitati
1606 614 1691 640 ma—

157 686 219 742 gis
236 683 514 728 studebamus,
538 681 668 722 modo
689 682 1041 738 interpretationis
1058 679 1156 722 fidei
1174 681 1306 739 magis
1325 680 1563 722 consultum
1583 680 1691 721 vole·

159 765 317 810 bamus,
346 763 499 804 sactum
523 770 595 809 est,
626 770 668 803 ut
691 769 781 803 tum
802 759 910 803 hanc
932 768 1103 819 propter
1125 761 1250 809 illam,
1272 768 1363 802 tum
1385 760 1500 802 illam
1522 769 1693 819 propter

158 844 264 886 hanc
309 843 613 903 negligeremus
656 845 894 901 passimque
936 844 1165 884 constantia
1207 841 1473 884 desideretur.
1561 841 1692 898 Saepe

160 927 284 967 etiam
309 925 457 984 lingua,
480 923 609 979 (haud
633 939 726 964 raro
751 931 889 966 tamen
913 939 934 964 a
957 923 1078 964 nobis
1102 922 1239 979 laesa),
1262 937 1356 964 curn
1380 926 1423 964 in
1440 922 1584 964 multis
1602 922 1692 963 aliis

161 1014 248 1047 tum
279 1008 522 1063 praesertim
553 1007 594 1045 in
624 1005 867 1062 compositis
891 1003 1060 1045 vocibus
1084 1005 1247 1061 utrique
1271 1011 1355 1046 erat
1380 1003 1691 1061 impedimento.

160 1085 351 1145 Singulas
375 1087 597 1143 compositi
617 1093 754 1142 partes
777 1099 897 1144 aegre
921 1084 1178 1132 divulsimus,
1200 1084 1273 1127 sed
1295 1085 1542 1143 plerumque
1566 1084 1690 1126 lineo-

161 1167 209 1208 lis
233 1168 532 1208 coniunximus.
556 1168 710 1208 inserta
734 1173 873 1208 autem
896 1167 1199 1224 perspicuitatis
1223 1181 1363 1208 caussa
1381 1165 1578 1208 vocabula
1602 1165 1691 1206 aliis

160 1248 306 1289 litteris
342 1246 608 1306 significanda
646 1248 890 1288 curavimus.
959 1246 1009 1288 In
1039 1247 1378 1289 annotationibus
1409 1246 1459 1289 de
1491 1245 1692 1288 difficilio-

161 1328 272 1369 ribus
296 1334 457 1368 tantum
485 1330 665 1385 egimus;
695 1330 995 1369 sententiarum
1026 1343 1188 1375 nexum,
1220 1329 1282 1369 cui
1314 1318 1602 1385 perspiciendo
1633 1342 1693 1367 ac-

160 1416 296 1449 curata
326 1407 419 1449 Nati
451 1407 570 1450 lectio
601 1423 899 1465 maxumopere
928 1410 1108 1455 inservit,
1143 1416 1183 1450 et
1211 1411 1435 1450 sententias
1457 1411 1568 1466 ipsas
1599 1423 1692 1448 raro

160 1491 438 1546 exposuimus,
460 1490 592 1530 varias
615 1505 636 1530 a
655 1487 885 1530 Scholiasta
903 1491 1139 1546 propositas
1158 1489 1385 1547 explicandi
1410 1491 1602 1536 rationes,
1626 1496 1693 1529 aut

161 1586 330 1626 prorsus
361 1571 582 1611 omisimus
613 1575 679 1610 aut
710 1569 874 1611 brevius
901 1568 1166 1612 absolvimus.
1228 1569 1290 1611 Eo
1314 1573 1445 1629 magis
1470 1572 1582 1612 enim
1606 1570 1691 1610 brc-

159 1652 272 1691 vitati
297 1657 383 1693 erat
404 1649 666 1697 studendum,
697 1665 783 1707 quo
815 1650 986 1706 probius
1009 1650 1342 1692 intellexeramus
1367 1653 1584 1708 peritiores
1610 1658 1691 1690 tan—

160 1738 250 1772 tum
266 1730 438 1773 lectores
453 1729 535 1772 hoc
552 1746 719 1772 carmen
737 1746 825 1773 esse
843 1731 1040 1772 adituros.
1056 1729 1387 1790 Typothetarum
1400 1733 1496 1772 vitia
1513 1729 1692 1772 Calcutt..

161 1813 273 1852 cuius
295 1802 696 1880 uninque
713 1818 874 1852 tantum
894 1820 1119 1859 enumerat,
1144 1814 1343 1869 quoniam
1360 1812 1423 1854 vel
1441 1813 1690 1854 exercitatio-

163 1907 249 1933 rem
280 1900 454 1949 possunt
491 1907 794 1949 nonnunquam
832 1892 1072 1949 perturbare
1105 1892 1313 1942 lectorem,
1343 1893 1590 1951 plerumque
1621 1908 1691 1932 no-

162 1974 350 2013 tax-imus.
396 1972 613 2014 Praeterea
637 1988 799 2030 paucae.
826 1988 930 2030 quae
954 1989 975 2015 e
1000 1972 1152 2016 Codice
1174 1973 1433 2015 Londinensi
1457 1976 1612 2031 passim
1637 1973 1690 2014 ibi

162 2052 390 2095 afferuntur
413 2052 609 2095 lectiones
634 2061 670 2096 et
691 2052 1016 2095 Scholiastarum
1041 2054 1332 2112 explicationes
1357 2054 1590 2096 admirabili
1606 2054 1690 2096 Ro-

162 2138 253 2175 sem'
271 2135 403 2175 nostri
427 2133 627 2175 debentur
644 2134 898 2193 benignitati,
922 2137 986 2176 cui
1004 2151 1096 2177 cum
1116 2135 1297 2195 singulas
1315 2137 1540 2193 impressas
1560 2143 1692 2176 textus

163 2217 245 2255 mei
270 2214 407 2272 plagas
430 2213 670 2255 Londinum
693 2218 915 2262 mitterem,
940 2215 1040 2258 locis
1065 2232 1169 2274 quos
1193 2224 1406 2274 suspectos
1430 2215 1554 2257 habui
1578 2223 1689 2256 nota—

164 2298 223 2335 tis.
255 2310 508 2352 quamquam
539 2298 626 2352 ipse
649 2295 791 2337 multis
815 2296 1040 2352 impeditus
1064 2299 1251 2353 negotiis.
1275 2305 1414 2337 tamen
1442 2312 1526 2337 uon
1556 2296 1691 2336 solum
