1878 2672
771 154 1070 189 PRAEFATIO.
1618 148 1687 177 XIX

282 285 422 328 Restat
460 281 611 327 adhuc,
650 287 694 321 ut
728 277 927 321 lectorem
963 290 1015 316 ne
1060 272 1160 332 quid
1204 277 1425 329 exspectet,
1468 268 1579 327 quod
1616 283 1689 310 nec

160 369 257 410 dare
286 365 514 411 voluimus,
544 378 620 405 nec
650 361 881 418 potuimus,
916 356 966 399 de
996 361 1163 397 nostrae
1193 352 1386 396 editionis
1415 348 1498 392 fine
1529 356 1568 392 et
1597 364 1690 390 con-

159 448 254 491 silio
292 447 431 504 paucis
468 454 826 502 praemoneamuS.
889 436 1086 478 Innititur
1121 448 1273 491 nempe
1303 447 1349 475 ea
1379 432 1467 489 ipsa
1496 437 1693 486 tanquam

163 529 435 570 fundamento
460 523 728 568 Calcuttensi,
752 535 868 578 quae,
894 519 952 559 uti
975 518 1017 558 in
1041 514 1124 557 fine
1147 513 1334 556 additum
1357 512 1516 571 legitur,
1540 508 1694 568 prodiit

166 621 235 651 xu.
264 606 490 650 Novembr.
520 613 759 647 uncccxm.
796 616 817 647 u
846 607 924 651 ΗΠ
955 600 1063 652 ἳτεῖξ
1094 579 1225 665 {affl
1256 609 1264 642 ι
1293 601 1357 644 HT:
1394 602 1447 649 {q
1468 598 1635 655 πδβῖιῖ
1658 604 1696 636 ιι.

166 689 260 736 Sed,
289 690 349 730 uti
380 702 528 728 omnes
558 684 643 727 sere
671 682 815 723 Indiae
838 680 943 726 libri,
965 680 1054 720 sine
1077 676 1162 718 ullo
1186 675 1430 717 adiumento
1456 672 1593 713 solum
1617 678 1696 712 tex-

165 779 256 812 tum
292 770 477 810 continet
511 760 880 808 Pradsclzncicari
909 759 1167 802 lvlz'tlzdensis
1201 754 1290 813 (cfr.
1322 770 1386 814 pg.
1405 752 1473 797 92.
1502 752 1566 796 14.
1592 751 1699 809 sqq.)

167 849 337 893 scholiis
359 850 618 890 instructum.
674 843 750 885 Hic
772 849 921 888 autem,
944 852 1199 898 quamquam
1223 837 1378 894 passim
1403 848 1575 876 manum
1599 831 1700 872 desi-

168 932 283 973 derat
324 928 665 972 emendatricem,
706 925 882 966 omnino
924 928 1064 962 tamen
1099 924 1237 976 potest
1274 916 1354 958 dici
1388 914 1543 973 probus
1580 919 1701 968 atquc

168 1013 317 1057 bonus,
345 1025 481 1066 neque
512 1024 556 1049 ex
589 1022 672 1048 uno
702 1004 773 1046 sed
803 1019 849 1045 ex
880 1001 1071 1059 plurimis
1101 998 1335 1055 iisdemque
1366 996 1535 1053 optimis
1561 1008 1702 1034 manu-

169 1093 333 1150 scriptis
363 1090 477 1132 libris
506 1087 669 1130 videtur
698 1086 978 1127 concinnatus.
1044 1078 1257 1134 Quoniam
1287 1093 1385 1120 vero
1415 1074 1478 1117 vel
1509 1075 1703 1133 peritissi-

171 1188 290 1214 mum
319 1172 541 1213 sanscritae
579 1168 753 1226 linguaee
790 1167 824 1206 si
862 1164 911 1205 ab
942 1161 1138 1204 omnibus
1169 1159 1417 1201 adiumentis
1459 1155 1703 1198 destituitur.

175 1260 368 1295 nostrum
409 1266 574 1292 carmen
616 1250 680 1289 vix
723 1261 844 1304 posse
887 1242 1118 1301 intelligere
1165 1239 1282 1281 facile
1331 1237 1469 1280 licebit
1517 1243 1705 1278 statuere.

175 1333 405 1391 plurimum
435 1346 533 1372 sane
563 1329 763 1371 debemus
793 1327 882 1367 istis
912 1322 1142 1366 editoribus
1173 1328 1238 1362 aut
1271 1319 1431 1365 editori,
1472 1319 1564 1375 quis
1595 1318 1705 1358 cuim

175 1413 299 1456 fuerit
326 1415 587 1472 ignoramus,
624 1407 736 1466 quod
765 1405 923 1448 scholia
952 1403 1022 1446 illa
1050 1401 1316 1452 addiderunt3
1353 1415 1458 1457 quae
1492 1400 1580 1455 ipsa
1612 1411 1706 1438 cum

178 1494 423 1551 plerumque
453 1499 549 1533 sunt
589 1488 798 1531 intellectu
839 1485 972 1528 facilia
1014 1491 1135 1541 atque
1178 1483 1413 1539 perspicua.
1455 1492 1708 1536 quamquam

179 1591 297 1617 more
326 1576 504 1615 istorum
533 1569 756 1611 hominum
778 1568 1033 1611 brevissima
1076 1571 1165 1605 tum
1196 1561 1347 1603 multas
1379 1559 1638 1602 difficultates
1670 1560 1709 1598 in

180 1656 330 1712 quibus
354 1654 483 1696 lector
506 1652 636 1709 possit
658 1648 839 1694 haerere„
863 1645 1082 1703 expediunt
1105 1651 1226 1700 atque
1249 1648 1536 1699 perrumpunt,
1582 1638 1709 1679 Multa

181 1745 320 1778 tamen
358 1741 529 1778 restare„
575 1747 679 1788 quae
715 1737 780 1771 aut
821 1729 996 1769 omnino
1034 1724 1197 1766 silentio
1236 1725 1318 1773 sint
1363 1722 1598 1778 praeterita.
1645 1726 1711 1758 aut

182 1817 346 1859 brevius
383 1821 505 1859 tacta,
543 1819 610 1853 aut
641 1811 819 1867 denique
849 1807 952 1849 salso
984 1805 1189 1848 intellecta
1220 1802 1307 1859 (cfr.
1337 1819 1369 1843 v.
1385 1819 1414 1843 ς.
1438 1800 1502 1842 IV.
1517 1800 1600 1851 28.)
1643 1801 1710 1856 qni

185 1906 302 1953 potes
332 1898 373 1937 in
403 1893 622 1936 scholiasta
652 1890 820 1932 mirari?
886 1888 991 1929 llinc
1021 1887 1199 1927 aliorum
1232 1887 1353 1926 etiam
1387 1880 1710 1924 Scholiastaruin

185 1992 309 2034 opem
339 1991 460 2033 saepe
491 1972 838 2015 desiderabamus.
885 1967 1052 2011 Scholia
1084 1975 1230 2008 autem.
1263 1980 1354 2006 cum
1389 1965 1428 2004 in
1460 1962 1712 2003 facilioribus

187 2058 301 2098 libris
333 2056 576 2113 plerumque
598 2053 661 2095 vel
686 2066 857 2109 prorsus
882 2050 1037 2106 possint
1067 2049 1202 2089 omitti
1226 2046 1289 2087 vel
1314 2053 1421 2087 certe
1446 2043 1625 2085 delectus
1650 2041 1709 2080 ad

186 2137 331 2183 hiberi,
360 2139 402 2178 in
432 2142 576 2176 nostro
608 2141 746 2175 tamen
774 2137 965 2188 poemate
989 2129 1048 2170 vel
1074 2128 1223 2185 triplici
1249 2126 1296 2167 de
1321 2141 1459 2167 caussa
1488 2124 1709 2164 debuerunt

188 2286 285 2315 poem,
305 2274 354 2304 the
372 2272 569 2311 Nalodaya‚
592 2270 638 2299 sor
654 2270 789 2304 instance,
813 2270 841 2297 in
857 2279 872 2298 a
887 2269 974 2297 strain
991 2266 1023 2296 ol
1046 2265 1143 2295 verbal
1158 2264 1300 2305 paltering
1317 2264 1369 2292 and
1391 2273 1405 2290 a
1429 2261 1588 2289 suem-ssimi
1612 2262 1639 2287 ol
1667 2260 1701 2288 ain

189 2327 271 2367 gling
285 2324 419 2360 soun(ls‚''
444 2324 491 2354 ubi
513 2323 638 2353 severius
657 2328 749 2350 tamen
766 2321 810 2348 vir
825 2320 858 2347 cl.
875 2321 910 2348 de
926 2320 975 2348 hac
992 2319 1070 2358 poesi
1088 2317 1199 2356 profert
1216 2316 1357 2344 iudicium.

1315 2382 1323 2398 (
1346 2375 1361 2389 Ψ
