1878 2672
173 135 226 163 XX
785 131 1086 162 PRAEFATIO.

174 253 308 294 adiici:
332 254 516 310 primum
539 269 591 294 ne
614 252 712 309 quid
735 255 778 293 in
792 260 934 293 nostra
958 253 1139 294 editione
1163 254 1277 310 quod
1292 252 1463 297 Calcutt.
1479 253 1612 302 habet,
1636 256 1701 296 de-

172 334 396 386 sideretur3
432 332 598 380 deinde,
628 339 674 373 ut
701 332 883 374 breviori
913 348 1001 375 esse
1030 331 1136 374 mihi
1166 332 1317 386 lieeret;
1347 335 1524 392 denique
1555 342 1703 380 autem,

172 431 223 456 ne
254 417 295 455 in
326 413 407 455 illis
438 413 556 459 locis,
586 428 691 470 quae
721 415 859 455 minus
890 420 997 455 recte
1027 413 1321 461 intelleximus&
1351 423 1419 456 aut
1448 416 1555 458 male
1587 416 1700 458 intel-

172 495 316 537 lexisse
347 493 521 535 forsitan
559 500 763 551 putemur,
800 494 890 535 aliis
918 493 1038 535 altius
1077 495 1359 551 perscrutandi
1390 494 1703 538 detraheremus

173 575 380 617 auxilium.
443 573 534 615 Iam
572 577 684 617 enim
717 574 880 622 iisdem,
910 575 1060 632 quibus
1090 591 1168 616 nos
1197 592 1341 618 sumus
1372 578 1452 623 usi,
1481 579 1704 618 instructus

172 664 230 699 est
257 656 386 698 lector
408 655 675 697 adiumentis!
707 678 747 684 —
782 654 961 697 Textum
984 663 1123 698 autem
1151 655 1419 705 Sanscritum,
1443 655 1704 714 Boppianam

171 739 299 779 secuti
331 738 545 783 rationem,
574 738 857 793 separavimus
891 738 1111 795 integrum.
1174 736 1320 794 Neque
1350 745 1450 794 puto
1482 754 1586 794 opus
1617 753 1705 779 esse

173 819 444 860 excusatione.
509 813 674 870 Quodsi
717 819 828 859 enim
867 816 1072 874 plurimos
1110 818 1364 875 eosdemque
1402 818 1565 877 linguae
1603 820 1704 875 peri-

174 901 358 940 tissimos
388 899 517 944 viros,
548 899 829 955 cuiuscunque
858 900 1045 940 sanseriti
1075 906 1208 940 textus
1238 899 1456 956 separandi
1486 899 1706 940 utilitatem

173 987 337 1021 strenue
374 978 556 1019 vidimus
594 977 828 1021 defendisse
869 978 957 1035 (cfr.
998 981 1128 1020 instar
1172 982 1363 1021 omnium
1409 995 1514 1037 quae
1560 979 1706 1020 illustr.

178 1059 226 1101 G.
250 1075 277 1101 α
298 1059 533 1101 Humboldt
555 1058 778 1117 disputavit
808 1062 850 1101 in
876 1059 996 1102 Cens.
1021 1059 1145 1102 Ghat.
1168 1059 1345 1103 Dursch.
1367 1058 1453 1102 Art.
1466 1060 1515 1103 Π.
1537 1059 1706 1102 Jahrbb.

175 1141 198 1182 l.
216 1141 273 1195 l.):
304 1141 355 1182 de
384 1142 518 1182 nostri
548 1143 743 1182 carminis
773 1141 993 1198 separandi
1021 1141 1193 1183 utilitate
1215 1142 1278 1183 vel
1304 1144 1440 1199 potius
1464 1143 1706 1183 necessitate

173 1225 255 1262 iam
301 1224 514 1263 neminem
560 1221 684 1263 credo
729 1222 958 1264 dissentire.
1039 1220 1178 1275 Quam
1223 1225 1257 1264 si
1302 1225 1393 1279 quis
1437 1230 1574 1264 tamen
1613 1238 1707 1263 con-

174 1310 328 1344 stanter
357 1302 455 1344 velit
485 1304 748 1362 impugnare,
779 1302 962 1362 perlegat
993 1305 1027 1344 is
1057 1303 1274 1362 diligenter
1311 1302 1514 1362 'Nalodayi
1550 1311 1706 1345 textum

174 1400 254 1425 non
293 1391 562 1439 separatum,
599 1392 636 1426 et
671 1387 705 1426 si
741 1384 864 1442 paulo
900 1391 995 1442 post
1030 1387 1218 1426 iteratam
1254 1387 1437 1426 instituet
1476 1377 1732 1427 Ιοοῐίοῐιρῐιι.ν

1329 1473 1506 1506 Unoscat.
1579 1463 1708 1517 Quin-

1327 1498 1351 1524 o

177 1548 327 1592 innuo,
363 1554 407 1587 ut
435 1549 476 1587 in
508 1554 654 1587 nostro
684 1554 796 1589 textu
826 1549 902 1588 ista
931 1549 1191 1604 separatione
1223 1548 1501 1604 perspicuitati
1533 1548 1707 1586 omnino

176 1465 353 1508 eundem
385 1467 421 1507 ei
451 1464 702 1507 volvendum
741 1481 829 1508 esse
865 1465 1046 1523 lapidem
1077 1466 1246 1507 edoctus
1277 1482 1323 1507 co

176 1629 224 1667 sit
258 1630 355 1668 satis
386 1627 539 1668 sactum
569 1626 840 1670 vehementer
868 1630 1008 1674 timeo,
1040 1629 1208 1668 iamiam
1233 1630 1344 1669 enim
1371 1629 1564 1684 poenitet„
1595 1626 1709 1682 quod

179 1724 261 1748 non
286 1708 392 1749 ultra
416 1711 625 1767 progressi
649 1709 809 1767 singula
834 1710 958 1751 etiam
983 1711 1316 1766 compositorum
1333 1708 1557 1749 verborum
1578 1722 1708 1748 mem-

178 1789 260 1828 bra.
285 1791 444 1844 punctis
466 1788 571 1830 infra
596 1792 753 1846 positis,
776 1790 956 1831 indicare
980 1789 1244 1848 negleximus.
1286 1789 1445 1831 Eadem
1469 1790 1626 1829 ratione
1650 1803 1710 1828 se-

181 1872 412 1925 paraximus
444 1869 732 1917 Sclioliastam‚
763 1873 1055 1930 grammaticas
1085 1878 1226 1912 tamen
1258 1870 1475 1911 formulas.
1519 1884 1620 1924 quas
1658 1868 1707 1908 ab

180 1952 297 1991 initio
330 1953 427 1991 item
459 1951 695 1999 dividimus,
727 1954 925 2010 quoniam
956 1968 1042 1992 non
1073 1951 1348 1993 intelleximus
1379 1966 1535 1993 omnes„
1568 1957 1709 2006 postea

181 2031 424 2087 reliquimus
448 2033 630 2073 intactas.
678 2032 862 2074 Strictim
887 2040 1048 2073 tantum
1073 2048 1297 2074 monemus
1322 2030 1575 2088 euphonicas
1599 2029 1709 2087 leges

181 2128 200 2151 a
227 2110 455 2152 Scholiasta
489 2111 595 2153 haud
621 2128 714 2154 raro
747 2130 834 2155 esse
865 2113 1079 2172 neglectas,
1110 2116 1263 2170 quippe
1288 2114 1357 2169 qui
1381 2111 1560 2170 singulas
1586 2125 1707 2151 voces

182 2201 289 2233 extra
314 2193 536 2234 verborum
562 2197 711 2235 seriem
737 2194 981 2251 plerinnque
1006 2194 1248 2235 consideret.
1282 2192 1346 2235 De
1370 2193 1709 2248 interpretatione

183 2281 316 2313 autent
359 2282 391 2315 (El
435 2275 772 2316 {annotationibus
810 2277 963 2316 nostris
996 2274 1093 2315 llaec
1123 2273 1284 2316 llsslM'lt).
1351 2272 1709 2314 Constitueramus
