1878 2672
764 178 1013 209 PRAEFATl
1031 178 1069 207 O.
1627 174 1680 201 ΠΙ

153 306 326 363 simplex
368 304 470 346 illud
514 310 706 344 octauum
750 300 897 358 pedem
940 299 1186 356 plerumque
1224 295 1370 336 habeat
1408 293 1685 335 catalecticum

156 395 277 444 atque
307 385 388 427 duo
418 399 579 429 versus,
617 383 730 423 cuius
767 380 869 421 alter
903 379 1018 420 alteri
1049 381 1092 419 in
1122 385 1362 434 temporum
1393 391 1570 416 numero
1600 389 1685 414 non

155 466 412 524 respondeat.
454 467 495 507 in
526 463 606 505 hoe
635 462 746 503 idem
775 460 844 502 ille
875 475 946 517 pes
978 461 1028 500 sit
1060 458 1301 499 acatalectus
1338 471 1473 513 neque
1511 456 1685 495 omniuo

154 563 297 590 versus
328 547 430 588 alter
460 545 645 586 diversus
676 558 696 584 a
728 543 868 600 priori.
920 539 1029 581 Nam
1058 542 1168 598 Arya
1196 545 1398 583 metrum,
1436 540 1535 579 item
1567 544 1688 592 atque

157 628 371 671 heroicum
393 624 583 682 lmmdy.
606 625 703 669 rell..,
728 640 748 665 e
773 622 934 663 duobus
963 621 1148 662 versibus
1180 626 1348 665 constat,
1379 620 1450 675 qui
1481 618 1690 658 coniuncti

155 709 316 750 slocum
347 705 545 749 efficiunt.
585 705 791 762 pedesque
829 701 982 743 habent
1021 709 1156 743 certos
1187 716 1367 757 quorum
1397 698 1547 757 singuli
1578 704 1690 753 quat-

158 798 253 830 tuor
280 796 522 845 temporum
553 788 698 841 (mmm)
729 800 952 825 numerum
984 782 1207 839 complent.
1250 780 1331 821 Ista
1360 796 1459 821 vero
1491 780 1690 835 quoniam

158 870 439 911 contractione
469 869 510 908 in
541 866 693 907 multas
725 872 898 922 possunt
932 865 1181 904 commutari
1211 861 1379 903 formas.
1410 861 1564 918 ambigi
1594 874 1691 899 sane

158 957 293 1006 potest
326 948 457 1005 qualis
482 945 700 1005 rhythmus
725 947 947 1003 primarius
971 947 1023 985 sit
1046 943 1271 989 habendus,
1300 958 1397 982 nam
1423 949 1461 983 et
1484 939 1691 997 spondeus

159 1038 193 1071 rt
222 1036 466 1085 anapaestus
493 1044 569 1085 pro
594 1026 964 1083 proceleusmatico
990 1025 1264 1065 admittuntur
1286 1039 1420 1079 neque
1453 1021 1573 1062 alieni
1599 1027 1693 1061 suut

158 1109 340 1169 dactylus
380 1116 418 1150 et
454 1105 795 1165 amphibrachus.
827 1121 1082 1163 quamquam
1119 1105 1238 1146 illum
1277 1107 1315 1144 111
1354 1102 1530 1160 simplici
1560 1098 1693 1159 Aryae

157 1198 293 1233 metro
324 1205 410 1231 non
439 1191 519 1231 nisi
553 1191 595 1230 in
627 1189 793 1245 paribus
829 1187 996 1229 sedibus
1032 1187 1172 1228 locum
1208 1184 1379 1232 habere,
1417 1187 1500 1225 iam
1531 1181 1693 1239 pridem

158 1270 448 1312 animadvertit
470 1267 783 1311 Colebrookius.
821 1268 903 1310 Sed
924 1266 1025 1310 haee
1048 1267 1211 1326 longius
1234 1274 1330 1308 sunt
1352 1265 1538 1323 petenda.
1585 1261 1695 1316 Qua-

159 1352 207 1393 lis
245 1352 357 1392 enim
394 1352 570 1393 interior
605 1348 729 1390 huius
762 1351 885 1391 metri
915 1356 1062 1390 natura
1093 1351 1146 1389 sit
1176 1355 1396 1404 quaeratur
1425 1361 1592 1387 necesse
1624 1351 1695 1385 est.

159 1432 225 1473 Est
260 1439 398 1474 autem
429 1447 474 1473 ea
505 1434 599 1472 ista.
637 1438 678 1472 ut
711 1433 752 1471 in
783 1430 939 1487 pedum
969 1445 1146 1471 numero
1177 1431 1375 1475 maxima,
1414 1442 1517 1484 quae
1548 1427 1697 1483 possit„

158 1512 358 1554 officiatur
386 1514 578 1557 varietas,
616 1519 653 1553 et
693 1527 787 1552 cum
818 1528 851 1552 v.
871 1528 900 1552 c.
933 1510 1288 1568 proceleusmatici
1317 1509 1512 1551 velocitas
1543 1515 1698 1562 tempe-

161 1601 272 1636 retur
301 1593 477 1650 spondei
505 1594 710 1651 gravitate.
742 1608 826 1633 non
859 1591 975 1634 facile
1007 1593 1215 1648 excipiant*
1239 1606 1327 1632 sese
1352 1590 1478 1631 iidem
1504 1587 1696 1647 rlnthmi.

159 1673 265 1715 lIinc
297 1674 487 1730 explicari
517 1681 654 1730 potest
684 1681 949 1730 praeceptum
980 1671 1079 1713 illud
1111 1688 1194 1729 quo
1226 1669 1513 1727 amphibrachi
1544 1669 1591 1709 ab
1624 1671 1696 1707 1111-

162 1754 328 1811 paribus
361 1754 533 1811 pedibus
564 1754 839 1796 excludantur.
887 1752 1100 1807 Quoniam
1131 1755 1243 1795 enim
1268 1754 1405 1793 omnis
1428 1749 1551 1791 huius
1574 1751 1694 1789 metri

161 1838 219 1876 xis
250 1838 291 1876 111
323 1835 489 1891 paribus
512 1835 678 1877 sedibus
703 1842 761 1876 est
786 1838 931 1892 posita.
963 1833 1183 1892 rhythmus
1207 1833 1275 1875 ille
1300 1836 1369 1890 qui
1394 1848 1486 1873 cum
1511 1830 1696 1872 Rukerto

162 1917 381 1971 primarius
412 1916 617 1973 putandus
649 1924 726 1961 estq
758 1932 887 1972 quum
918 1919 958 1957 iu
991 1915 1054 1956 his
1086 1917 1292 1972 imprimis
1323 1922 1518 1971 ponatur,
1557 1928 1575 1952 a
1611 1911 1697 1951 reli-

161 1999 246 2037 11113
278 2004 447 2053 propter
482 2000 606 2039 metri
638 2004 845 2038 naturam.
886 2013 989 2054 quae
1020 1999 1203 2037 xarietali
1242 1995 1396 2040 studet,
1435 1992 1697 2050 excipiendus

162 2085 232 2119 est.
285 2076 366 2119 Sed
396 2080 579 2118 varietati
611 2078 668 2119 illi
703 2080 744 2119 111
776 2085 920 2119 nostro
952 2085 1098 2123 metro.¹
1130 2077 1243 2134 quod
1274 2084 1367 2117 octo
1399 2077 1577 2116 continet
1613 2090 1698 2113 vos-

162 2158 340 2214 denique
371 2160 555 2216 integros
587 2159 726 2214 pedes.
764 2159 897 2200 obstat
932 2174 1231 2215 maxumopere
1263 2156 1465 2198 mirabilis
1498 2158 1571 2195 isla
1603 2155 1704 2194 rimi

162 2246 373 2279 structura.
424 2238 532 2279 ,Nam
572 2255 664 2278 cuni
704 2239 771 2280 ille
810 2242 861 2280 ila
898 2242 945 2280 311
980 2246 1244 2296 comparatus
1275 2246 1315 2279 ut
1349 2238 1510 2278 (luobus
1542 2236 1698 2275 1111111113

165 2318 336 2374 pedibus
373 2318 428 2373 (7.
454 2326 493 2361 et
515 2319 570 2374 S.)
609 2336 714 2359 sono
755 2319 873 2375 plane
914 2320 1184 2376 respondeant
1226 2319 1430 2361 secundus
1469 2325 1503 2359 et
1547 2318 1697 2357 tertius.
