1878 2672
196 165 268 193 &⁴111
810 163 1113 193 PRAEFATIO.

197 300 336 325 versus
368 284 537 340 quidem
568 283 827 324 distribuitur
856 285 898 324 in
929 282 1032 324 duas
1060 286 1202 325 varias
1228 292 1374 340 partes„
1404 289 1570 327 caesura
1595 288 1728 333 etiam,

196 381 300 422 quae
331 380 452 421 saepe
482 372 622 405 tamen
652 363 875 422 negligitur
896 363 964 419 (*)
1004 363 1240 411 disiunctas,
1270 367 1443 406 varietas
1474 373 1610 407 autem
1643 369 1730 423 ipsa

197 448 395 502 quoniam
418 445 504 485 bini
529 443 654 501 pedes
680 446 854 485 omnino
879 460 899 485 a
924 460 967 486 se
990 460 1076 485 non
1100 443 1311 493 differunt,
1333 448 1546 487 minuatur
1561 463 1727 488 necesse

196 535 265 567 est.
309 525 445 567 Habes
477 527 588 567 enim
619 525 744 567 talem
776 525 930 582 pedum
963 524 1302 567 collocationem:

917 618 1007 644 rimus

610 691 638 723 1.
691 654 1120 737 {Wf“5.
1114 689 1145 722 6.
1201 666 1234 723 τί
1288 692 1320 724 8,

776 736 1320 763 &ww

1001 764 1053 789 rim
1057 773 1090 789 us

194 850 253 891 vel
286 857 329 891 ut
359 848 539 907 singulas
571 855 706 904 partes
737 863 990 905 separemus,
1025 847 1131 889 hanc

901 947 930 978 1.
986 947 1017 979 2.
1121 947 1154 978 3.

722 1008 754 1041 4.
810 1007 842 1040 5.
898 1007 929 1041 6.
986 940 1064 1058 7)
1123 941 1199 1057 8.)

318 1091 411 1145 Qua
440 1090 610 1148 quidem
642 1105 687 1131 ex
718 1089 873 1147 pedum
904 1088 1052 1137 forma,
1083 1092 1268 1146 primum
1300 1090 1401 1132 illud
1426 1099 1595 1148 apparet
1618 1092 1729 1148 quod

195 1180 329 1214 sextus
359 1180 492 1214 totam
526 1171 611 1213 fere
642 1187 783 1213 versus
813 1173 898 1212 vim
930 1173 1113 1212 continet
1143 1178 1182 1212 et
1211 1179 1472 1228 potestatem‚
1502 1179 1593 1213 tum
1617 1172 1729 1228 quod

194 1257 300 1295 rimo
332 1255 547 1311 proximus
579 1260 656 1297 esti
698 1261 788 1294 tum
828 1251 942 1309 quod
972 1254 1014 1293 in
1045 1251 1171 1294 altera
1202 1252 1431 1309 eademque
1461 1255 1616 1309 potiori
1645 1268 1731 1293 ver-

194 1351 260 1376 sus
299 1343 413 1392 parte
450 1333 639 1376 medium
678 1341 788 1376 tenet
827 1332 979 1374 locum.
1051 1332 1152 1375 Inde
1190 1349 1287 1375 vcro
1326 1336 1559 1375 necessario
1591 1348 1729 1374 conse-

194 1419 349 1472 quitur.¹
388 1419 429 1458 in
466 1414 547 1456 hoc
595 1431 690 1457 eum
737 1413 1001 1473 rhythmum„
1044 1417 1114 1471 qui
1157 1417 1380 1471 primarius
1418 1418 1468 1456 sit
1507 1412 1731 1459 habendus,

194 1514 281 1539 esse
320 1497 571 1554 ponendum.
642 1493 770 1554 Atqui
801 1502 1038 1537 constanter
1067 1494 1238 1537 fere'ibi
1270 1494 1592 1552 amphibrachus
1622 1498 1730 1535 inve-

192 1581 312 1626 nitur„
344 1581 398 1619 ita
428 1586 470 1619 ut
501 1594 627 1620 nemo
658 1577 786 1623 facile,
818 1579 917 1634 quin
944 1578 1020 1618 iste
1047 1579 1163 1633 quasi
1187 1576 1507 1618 ‘fundamentum
1530 1579 1579 1617 sit
1603 1578 1730 1616 totius

194 1662 325 1700 nostri
348 1662 481 1706 metri,
513 1666 632 1716 queat
658 1659 856 1704 dubitare,
887 1673 1143 1714 quamquam
1168 1660 1392 1714 quominus
1417 1660 1458 1698 in
1482 1656 1623 1697 multis
1642 1655 1731 1696 aliis

194 1742 439 1795 reperiatur,
478 1748 513 1781 ct
552 1742 760 1781 varietatis
798 1738 900 1780 illud
930 1738 1132 1783 studium„
1171 1747 1207 1780 et
1241 1738 1317 1779 alia
1348 1737 1541 1795 prohibet
1580 1751 1731 1778 caussa.

195 1836 318 1876 quam
349 1836 457 1861 nunc
486 1821 664 1863 breviter
694 1836 960 1877 exponemus.
1026 1819 1146 1861 Valet
1171 1828 1310 1861 autem
1335 1822 1376 1859 in
1410 1818 1555 1860 indicis
1588 1819 1731 1857 carmi-

194 1902 314 1941 nibus
353 1917 398 1942 ea
428 1901 490 1943 lex
520 1910 562 1942 ut
593 1902 738 1943 ultima
770 1903 929 1942 metrici
969 1900 1128 1941 ordinis
1166 1901 1319 1958 syllaba
1358 1915 1523 1956 semper
1561 1898 1732 1938 (lucatur

269 1997 316 2022 <ra
336 1984 497 2023 etiamsi
516 1985 564 2023 sit
584 1983 720 2024 brevis
738 1989 884 2023 natura
900 1981 1066 2037 sua(**).
1104 1979 1230 2034 Quod
1249 1997 1343 2022 cum
1361 1983 1416 2021 ita
1435 1982 1496 2021 sit.
1521 1980 1569 2020 ab
1589 1986 1731 2020 octavo

268 2015 291 2040 rs

195 2065 322 2104 nostri
358 2065 479 2105 metri
512 2063 614 2119 pede
646 2079 793 2104 omnes
826 2065 861 2105 ei
893 2070 1089 2119 quattuor
1118 2070 1359 2119 temporum
1391 2059 1576 2118 rhythmi
1604 2059 1729 2101 exclu-

195 1982 262 2022 lon

319 2262 361 2300 (⁴³)
402 2271 441 2291 XL
460 2263 520 2292 sore
545 2262 679 2291 versibus⁴

322 2330 379 2364 (⁸⁸)
404 2330 580 2369 prsnluccmli
596 2331 652 2359 vinu
671 2331 739 2359 item
755 2336 867 2359 exercet
885 2340 997 2359 caesura
1017 2331 1042 2358 in
1059 2336 1159 2358 nostro
1177 2329 1301 2359 carmine
1317 2328 1367 2357 cfr.
1386 2327 1499 2360 1,25.JJ.
